@article{exp_tails,
  title={Brunet-Derrida behavior of branching-selection particle systems on the line},
  author={B{\'e}rard, Jean and Gou{\'e}r{\'e}, Jean-Baptiste},
  journal={Communications in Mathematical Physics},
  volume={298},
  number={2},
  pages={323--342},
  year={2010},
  publisher={Springer}
}

@article{poly_tails,
  title={The limiting process of $ N $-particle branching random walk with polynomial tails},
  author={B{\'e}rard, Jean and Maillard, Pascal and others},
  journal={Electronic Journal of Probability},
  volume={19},
  year={2014},
  publisher={The Institute of Mathematical Statistics and the Bernoulli Society}
}

@article{exactly_soluble,
  title={Effect of selection on ancestry: an exactly soluble case and its phenomenological generalization},
  author={Brunet, {\'E}ric and Derrida, Bernard and Mueller, Alfred H and Munier, St{\'e}phane},
  journal={Physical Review E},
  volume={76},
  number={4},
  pages={041104},
  year={2007},
  publisher={APS}
}

@book{durrett2010probability,
  title={Probability: theory and examples},
  author={Durrett, Rick},
  year={2010},
  publisher={Cambridge university press}
}

@article{gantert2008asymptotics,
  title={Asymptotics for the survival probability in a supercritical branching random walk},
  author={Gantert, Nina and Hu, Yueyun and Shi, Zhan},
  journal={arXiv preprint arXiv:0811.0262},
  year={2008},
  publisher={Citeseer}
}

@article{pemantle2009search,
  title={Search cost for a nearly optimal path in a binary tree},
  author={Pemantle, Robin},
  journal={The Annals of Applied Probability},
  pages={1273--1291},
  year={2009},
  publisher={JSTOR}
}

@inproceedings{couronne2014branching,
  title={A branching-selection process related to censored Galton--Walton processes},
  author={Couronn{\'e}, Olivier and Gerin, Lucas and others},
  booktitle={Annales de l'Institut Henri Poincar{\'e}, Probabilit{\'e}s et Statistiques},
  volume={50},
  number={1},
  pages={84--94},
  year={2014},
  organization={Institut Henri Poincar{\'e}}
}

@book{jacod2013limit,
  title={Limit theorems for stochastic processes},
  author={Jacod, Jean and Shiryaev, Albert},
  volume={288},
  year={2013},
  publisher={Springer Science \& Business Media}
}

@book{shi2015branching,
  title={Branching random walks},
  author={Shi, Zhan},
  year={2015},
  publisher={Springer}
}

@book{athreya2004branching,
  title={Branching processes},
  author={Athreya, Krishna B and Ney, Peter E and Ney, PE},
  year={2004},
  publisher={Courier Corporation}
}

@article{topchii2009time,
  title={The time to extinction for Galton--Watson processes which censored at a high level},
  author={Topchii, Valentin Alekseevich},
  journal={Teoriya Veroyatnostei i ee Primeneniya},
  volume={54},
  number={2},
  pages={271--287},
  year={2009},
  publisher={Russian Academy of Sciences, Steklov Mathematical Institute of Russian~…}
}

@article{mallein2018n,
  title={N-Branching random walk with $\alpha$-stable spine},
  author={Mallein, Bastien},
  journal={Theory of Probability \& Its Applications},
  volume={62},
  number={2},
  pages={295--318},
  year={2018},
  publisher={SIAM}
}

@incollection{lyons1997simple,
  title={A simple path to Biggins’ martingale convergence for branching random walk},
  author={Lyons, Russell},
  booktitle={Classical and modern branching processes},
  pages={217--221},
  year={1997},
  publisher={Springer}
}

@article{jaffuel2227critical,
  title={The critical barrier for the survival of the branching random walk with absorption, 2009},
  author={Jaffuel, B},
  journal={arXiv preprint math.PR/0911.2227}
}

@book{foss2011introduction,
  title={An introduction to heavy-tailed and subexponential distributions},
  author={Foss, Sergey and Korshunov, Dmitry and Zachary, Stan and others},
  volume={6},
  year={2011},
  publisher={Springer}
}